<?xml version="1.0" encoding="UTF-8"?><collection xmlns="http://www.loc.gov/MARC21/slim"><record><leader>00459nam--2200145-i-4500</leader><controlfield tag="001">000016868</controlfield><controlfield tag="002">20161230</controlfield><controlfield tag="005">20161230201032</controlfield><controlfield tag="008">060222s1000------------r-----000-0-eng-d</controlfield><datafield ind1=" " ind2=" " tag="080"><subfield code="a">54:53(023)</subfield></datafield><datafield ind1=" " ind2=" " tag="245"><subfield code="a">Crc handbook of chemistry and physics. a ready -reference book of chemical and physical data. 59 th-edition</subfield></datafield><datafield ind1=" " ind2=" " tag="260"><subfield code="a">Florida,Crc Press, Inc., 1978-1979 /Pag.Dif</subfield></datafield><datafield ind1=" " ind2=" " tag="700"><subfield code="a">Weast, Robert C</subfield></datafield><datafield ind1=" " ind2=" " tag="852"><subfield code="a">78875</subfield><subfield code="c">541.1</subfield></datafield><datafield ind1=" " ind2=" " tag="CAT"><subfield code="a">Sys</subfield><subfield code="c">20161101</subfield><subfield code="h">123655</subfield></datafield></record></collection>